% This file was created with JabRef 2.3.1.
% Encoding: UTF-8

@INPROCEEDINGS{Backus.1959,
  author = {Backus, J.W.},
  title = {The Syntax and Semantics of the Proposed International Algebraic
	Language of the Zurich-{ACM}-{GAMM} Conference},
  booktitle = {Intl. Conf. Information Processing},
  year = {1959},
  pages = {125--132},
  address = {Paris},
  organization = {{UNESCO}},
  owner = {sgalland},
  timestamp = {2014.01.13}
}

@ARTICLE{Birman.1973,
  author = {Birman, A. and Ullman, J.D.},
  title = {Parsing Algorithms with Backtrack},
  journal = {Information and Control},
  year = {1973},
  volume = {23},
  pages = {1--34},
  owner = {sgalland},
  timestamp = {2014.01.13}
}

@INCOLLECTION{Cantor.1962,
  author = {Cantor, D.C.},
  title = {On the Ambiguity Problem of Backus Systems},
  booktitle = {J. {ACM}},
  publisher = {{ACM}},
  year = {1962},
  volume = {9},
  number = {4},
  pages = {477--479},
  owner = {sgalland},
  timestamp = {2014.01.13}
}

@ARTICLE{Chomsky.1956,
  author = {Chomsky, N.},
  title = {Three Models for the Description of Language},
  journal = {{IRE} Trans. on Information Theory},
  year = {1956},
  volume = {2},
  pages = {113--124},
  number = {3},
  owner = {sgalland},
  timestamp = {2014.01.13}
}

@MISC{Dain.1991,
  author = {Dain, J.},
  title = {Bibliography on Syntax Error Handling in Language Translation Systems},
  howpublished = {Available from the \texttt{comp.compilers} newsgroup.},
  year = {1991},
  owner = {sgalland},
  timestamp = {2014.01.13}
}

@ARTICLE{DeRemer.1971,
  author = {DeRemer, F.},
  title = {Simple \ensuremath{LR(k)} Grammars},
  journal = {Comm. {ACM}},
  year = {1971},
  volume = {14},
  pages = {453--460},
  number = {7},
  owner = {sgalland},
  timestamp = {2014.01.13}
}

@PHDTHESIS{DeRemer.1969,
  author = {DeRemer, F.},
  title = {Practical Translators for \ensuremath{LR(k)} Languages},
  school = {{MIT}},
  year = {1969},
  address = {Cambridge, MA},
  owner = {sgalland},
  timestamp = {2014.01.13}
}

@ARTICLE{Earley.1970,
  author = {Earley, J.},
  title = {An Efficient Context-Free Parsing Algorithm},
  journal = {Comm. {ACM}},
  year = {1970},
  volume = {13},
  pages = {94--102},
  number = {2},
  owner = {sgalland},
  timestamp = {2014.01.13}
}

@INCOLLECTION{Floyd.1962,
  author = {Floyd, R.W.},
  title = {On the Ambiguity in Phase-Structure Languages},
  booktitle = {Comm. {ACM}},
  publisher = {{ACM}},
  year = {1962},
  volume = {5},
  number = {10},
  pages = {526--534},
  owner = {sgalland},
  timestamp = {2014.01.13}
}

@ARTICLE{Hoare.1962,
  author = {Hoare, C.A.R.},
  title = {Report on the Elliott {ALGOL}Translator},
  journal = {Computer J.},
  year = {1962},
  volume = {5},
  pages = {127--129},
  number = {2},
  owner = {sgalland},
  timestamp = {2014.01.13}
}

@BOOK{Hopcroft.2006,
  title = {Introduction to Automata Theory, Languages, and Computation},
  publisher = {Addison-Wesley},
  year = {2006},
  author = {Hopcroft, J.E and Motwani, R. and Ullman, J.D.},
  address = {Boston, MA},
  owner = {sgalland},
  timestamp = {2014.01.13}
}

@INCOLLECTION{Ingerman.1967,
  author = {Ingerman, P.Z.},
  title = {Panini-Backus Form Suggested},
  booktitle = {Comm. {ACM}},
  publisher = {{ACM}},
  year = {1967},
  volume = {10},
  number = {3},
  pages = {137},
  owner = {sgalland},
  timestamp = {2014.01.13}
}

@TECHREPORT{Johnson.1975,
  author = {Johnson, S.C.},
  title = {Yacc - Yet Another Compiler Compiler},
  institution = {Bell Laboratories},
  year = {1975},
  type = {Computing Science Technical Report},
  number = {32},
  address = {Murray Hill, NJ},
  owner = {sgalland},
  timestamp = {2014.01.13}
}

@TECHREPORT{Kasami.1965,
  author = {Kasami, T.},
  title = {An Efficient Recognition and Syntax Analysis Algorithm for Context-Free
	Languages},
  institution = {Air Force Cambridge Research Laboratory},
  year = {1965},
  number = {{AFCRL-65-768}},
  address = {Bedford, MA},
  owner = {sgalland},
  timestamp = {2014.01.13}
}

@ARTICLE{Knuth.1965,
  author = {Knuth, D.E.},
  title = {On the Translation of Languages from Left to Right},
  journal = {Information and Control},
  year = {1965},
  volume = {8},
  pages = {607--639},
  number = {6},
  owner = {sgalland},
  timestamp = {2014.01.13}
}

@ARTICLE{Korenjak.1969,
  author = {Korenjak, A.J.},
  title = {A Practical Method for Constructing \ensuremath{LR(k)} Processors},
  journal = {Comm. {ACM}},
  year = {1969},
  volume = {8},
  pages = {613--623},
  number = {11},
  owner = {sgalland},
  timestamp = {2014.01.13}
}

@ARTICLE{Lewis.1968,
  author = {Lewis, P.M. and Stearns, R.E.},
  title = {Syntax-Directed Transduction},
  journal = {J. {ACM}},
  year = {1968},
  volume = {15},
  pages = {465--488},
  number = {3},
  owner = {sgalland},
  timestamp = {2014.01.13}
}

@INPROCEEDINGS{McClure.1965,
  author = {McClure, R.M.},
  title = {{TMG}: a syntax-directed compiler},
  booktitle = {20th {ACM} Natl. Conf.},
  year = {1965},
  pages = {262--274},
  owner = {sgalland},
  timestamp = {2014.01.13}
}

@INCOLLECTION{Naur.1963,
  author = {Naur, P. et al},
  title = {Report on the Algorithmic Language {ALGOL 60}},
  booktitle = {Comm. {ACM}},
  publisher = {{ACM}},
  year = {1963},
  volume = {3},
  number = {5},
  pages = {299--314},
  month = {may},
  owner = {sgalland},
  timestamp = {2014.01.13}
}

@INPROCEEDINGS{Schorre.1964,
  author = {Schorre, D.V.},
  title = {{Meta-II}: a syntax-oriented compiler writing language},
  booktitle = {19th {ACM} Natl. Conf.},
  year = {1964},
  pages = {D1.3-1--D1.3-11},
  owner = {sgalland},
  timestamp = {2014.01.13}
}

@ARTICLE{Younger.1967,
  author = {Younger, D.H.},
  title = {Recognition and Parsing of Context-Free Languages in Time \ensuremath{n^3}},
  journal = {Information},
  year = {1967},
  volume = {10},
  pages = {189--208},
  owner = {sgalland},
  timestamp = {2014.01.13}
}

