% This file was created with JabRef 2.3.1.
% Encoding: UTF-8

@ARTICLE{Baker.1992,
  author = {Baker, Jr, H.G.},
  title = {The treadmill: real-time garbage collection without motion sickness},
  journal = {{ACM} {SIGPLAN} Notices},
  year = {1992},
  volume = {27},
  pages = {66--70},
  number = {3},
  owner = {sgalland},
  timestamp = {2014.01.13}
}

@ARTICLE{Cheney.1970,
  author = {Cheney, C.J.},
  title = {A Nonrecursive List Compacting Algorithm},
  journal = {Comm. {ACM}},
  year = {1970},
  volume = {13},
  pages = {677--678},
  number = {11},
  owner = {sgalland},
  timestamp = {2014.01.13}
}

@ARTICLE{Collins.1960,
  author = {Collins, G.E.},
  title = {A Method for Overlapping and Erasure of Lists},
  journal = {Comm. {ACM}},
  year = {1960},
  volume = {2},
  pages = {655--657},
  number = {12},
  owner = {sgalland},
  timestamp = {2014.01.13}
}

@ARTICLE{Dijkstra.1960,
  author = {Dijkstra, E.W.},
  title = {Recursive Programming},
  journal = {Numerishe Math.},
  year = {1960},
  volume = {2},
  pages = {312--318},
  owner = {sgalland},
  timestamp = {2014.01.13}
}

@ARTICLE{Dikjstra.1978,
  author = {Dijkstra, E.W. and Lamport, L. and Martin, A.J. and Scholten, C.S.
	and Steffens, E.F.M.},
  title = {On-the-fly Garbage Collection: an exercise in cooperation},
  journal = {Comm. {ACM}},
  year = {1978},
  volume = {21},
  pages = {966--975},
  number = {11},
  owner = {sgalland},
  timestamp = {2014.01.13}
}

@ARTICLE{Fenichel.1969,
  author = {Fenichel, R.R. and Yochelson, J.C.},
  title = {A Lisp Garbage-Collector for Virtual Memory Computer Systems},
  journal = {Comm. {ACM}},
  year = {1969},
  volume = {12},
  pages = {611--612},
  number = {11},
  owner = {sgalland},
  timestamp = {2014.01.13}
}

@INPROCEEDINGS{Hudson.1992,
  author = {Hudson, R.L. and Moss, J.E.B.},
  title = {Incremental Collection of Mature Objects},
  booktitle = {Intl. Workshop on Memory Management, Lecture Notes in Computer Science},
  year = {1992},
  number = {637},
  pages = {388--403},
  owner = {sgalland},
  timestamp = {2014.01.13}
}

@TECHREPORT{Johnson.1981,
  author = {Johnson, S.C. and Ritchie, D.M.},
  title = {The {C} Language Calling Sequence},
  institution = {Bell Laboratories},
  year = {1981},
  type = {Computing Science Technical Report},
  number = {102},
  address = {Murray Hill, NJ},
  owner = {sgalland},
  timestamp = {2014.01.13}
}

@BOOK{Knuth.1968,
  title = {Art of Computer Programming, Fundamental Algorithms},
  publisher = {Addison-Wesley},
  year = {1968},
  author = {Knuth, D.E.},
  volume = {1},
  address = {Boston, MA},
  owner = {sgalland},
  timestamp = {2014.01.13}
}

@ARTICLE{Lieberman.1983,
  author = {Lieberman, H. and Hewitt, C.},
  title = {A Real-time Garbage Collector based on the Lifetimes of Objects},
  journal = {Comm. {ACM}},
  year = {1983},
  volume = {26},
  pages = {419--429},
  number = {6},
  owner = {sgalland},
  timestamp = {2014.01.13}
}

@ARTICLE{McCarthy.1960,
  author = {McCarthy, J.},
  title = {Recursive Functions of Symbolic Expressions and their Computation
	by Machine},
  journal = {Comm. {ACM}},
  year = {1960},
  volume = {3},
  pages = {184--195},
  number = {4},
  owner = {sgalland},
  timestamp = {2014.01.13}
}

@BOOK{Randell.1964,
  title = {{ALGOL} 60 Implementation},
  publisher = {Academic Press},
  year = {1964},
  author = {Randell, B. and Russel, L.J.},
  owner = {sgalland},
  timestamp = {2014.01.13}
}

@MISC{Wilson.1994,
  author = {Wilson, P.R.},
  title = {Uniprocessor Garbage Collection Techniques},
  year = {1994},
  owner = {sgalland},
  timestamp = {2014.01.13},
  url = {ftp://ftp.cs.utexas.edu/pub/garbage/bigsurv.ps}
}

