% This file was created with JabRef 2.3.1.
% Encoding: UTF-8

@ARTICLE{Brooker.1962,
  author = {Brooker, R.A. and Morris, D.},
  title = {A General Translation Program for Phrase Structure Languages},
  journal = {J. {ACM}},
  year = {1962},
  volume = {9},
  pages = {1--10},
  number = {1},
  owner = {sgalland},
  timestamp = {2014.01.13}
}

@INPROCEEDINGS{Gosling.1995,
  author = {Gosling, J.},
  title = {Java Intermediate Bytecodes},
  booktitle = {{ACM} {SIGPLAN} Workshop on Intermediate Representations},
  year = {1995},
  owner = {sgalland},
  timestamp = {2014.01.13}
}

@ARTICLE{Irons.1961,
  author = {Irons, E.T.},
  title = {A Syntax-Directed Compiler for {ALGOL 60}},
  journal = {Comm. {ACM}},
  year = {1961},
  volume = {4},
  pages = {51--55},
  number = {1},
  owner = {sgalland},
  timestamp = {2014.01.13}
}

@ARTICLE{Jazayeri.1975,
  author = {Jazayeri, M. and Ogden, W.F. and Rounds, W.C.},
  title = {The Intrinsic Exponential Complexity of the Circularity Problem for
	Attribute Grammars},
  journal = {Comm. {ACM}},
  year = {1975},
  volume = {18},
  pages = {697--706},
  number = {12},
  owner = {sgalland},
  timestamp = {2014.01.13}
}

@TECHREPORT{Johnson.1979,
  author = {Johnson, S.C.},
  title = {A Tour through the Portable {C} Compiler},
  institution = {Bell Telephone Laboratories Inc.},
  year = {1979},
  address = {Murray Hill, N.J.},
  owner = {sgalland},
  timestamp = {2014.01.13}
}

@ARTICLE{Knuth.1968,
  author = {Knuth, D.E.},
  title = {Semantics of Context-Free Languages},
  journal = {Mathematical Systems Theory},
  year = {1968},
  volume = {2},
  pages = {127--145},
  number = {2},
  owner = {sgalland},
  timestamp = {2014.01.13}
}

@ARTICLE{Lewis.1974,
  author = {Lewis, P.M. and Rosenkrantz, D.J. and Stearns, R.E.},
  title = {Attributed Translations},
  journal = {J. Computer and System Sciences},
  year = {1974},
  volume = {9},
  pages = {279--307},
  number = {3},
  owner = {sgalland},
  timestamp = {2014.01.13}
}

@ARTICLE{Milner.1978,
  author = {Milner, R.},
  title = {A Theory of Type Polymorphism in Programming},
  journal = {J. Computer and System Sciences},
  year = {1978},
  volume = {17},
  pages = {348--375},
  number = {3},
  owner = {sgalland},
  timestamp = {2014.01.13}
}

@ARTICLE{Paakki.1995,
  author = {Paakki, J.},
  title = {Attribute Grammar Paradigms -- a high-level methodology in language
	implementation},
  journal = {Computing Surveys},
  year = {1995},
  volume = {27},
  pages = {196--255},
  number = {2},
  owner = {sgalland},
  timestamp = {2014.01.13}
}

@BOOK{Pierce.2002,
  title = {Types and Programming Languages},
  publisher = {{MIT} Press},
  year = {2002},
  author = {Pierce, B.C.},
  address = {Cambridge},
  owner = {sgalland},
  timestamp = {2014.01.13}
}

@TECHREPORT{Ritchie.1979,
  author = {Ritchie, D.M.},
  title = {A Tour through the Portable {UNIX} {C} Compiler},
  institution = {Bell Telephone Laboratories Inc.},
  year = {1979},
  address = {Murray Hill, N.J.},
  owner = {sgalland},
  timestamp = {2014.01.13}
}

@ARTICLE{Samelson.1960,
  author = {Samelson, K. and Bauer, F.L.},
  title = {Sequential Formula Translation},
  journal = {Comm. {ACM}},
  year = {1960},
  volume = {3},
  pages = {76--83},
  number = {2},
  owner = {sgalland},
  timestamp = {2014.01.13}
}

@ARTICLE{Strong.1958,
  author = {Strong, J. and Wegstein, J. and Tritter, A. and Olsztyn, J. and Mock,
	O. and Steel, T.},
  title = {The Problem of Programming Communication with Changing Machines:
	a proposed solution},
  journal = {Comm. {ACM}},
  year = {1958},
  volume = {1},
  pages = {12--18},
  number = {8},
  owner = {sgalland},
  timestamp = {2014.01.13}
}

@ARTICLE{Wirth.1971,
  author = {Wirth, N.},
  title = {The Design of a Pascal Compiler},
  journal = {Software - Practice and Experience},
  year = {1971},
  volume = {1},
  pages = {309--333},
  number = {1},
  owner = {sgalland},
  timestamp = {2014.01.13}
}

