% This file was created with JabRef 2.3.1.
% Encoding: UTF-8

@INBOOK{Kleene.1956,
  pages = {3--40},
  title = {Representation of events in nerve nets},
  author = {Kleene, S.C.},
  crossref = {Shannon.1956},
  owner = {sgalland},
  timestamp = {2014.01.13}
}

@INBOOK{Moore.1956,
  pages = {129--153},
  title = {Gedanken Experiments on Sequential Machines},
  author = {Moore, E.F.},
  crossref = {Shannon.1956},
  owner = {sgalland},
  timestamp = {2014.01.13}
}

@ARTICLE{Aho.1990,
  author = {Aho, A.V.},
  title = {Algorithms for Finding Patterns in Strings},
  journal = {Handbook of Theoretical Computer Science},
  year = {1990},
  volume = {A},
  owner = {sgalland},
  timestamp = {2014.01.13}
}

@BOOK{Aho.1988,
  title = {The {AWK} Programming Language},
  publisher = {Addison-Wesley},
  year = {1988},
  author = {Aho, A.V. and Kernighan, W. and Weinberger, P.J.},
  address = {Boston, MA},
  owner = {sgalland},
  timestamp = {2014.01.13}
}

@BOOK{Hopcroft.2006,
  title = {Introduction to Automata Theory, Languages, and Computation},
  publisher = {Addison-Wesley},
  year = {2006},
  author = {Hopcroft, J.E and Motwani, R. and Ullman, J.D.},
  address = {Boston, MA},
  owner = {sgalland},
  timestamp = {2014.01.13}
}

@ARTICLE{Huffman.1954,
  author = {Huffman, D.A.},
  title = {The synthesis of sequential machines},
  journal = {J. Franklin Inst.},
  year = {1954},
  volume = {257},
  pages = {3--4, 161, 190, 375--303},
  owner = {sgalland},
  timestamp = {2014.01.13}
}

@TECHREPORT{Lesk.1975,
  author = {Lesk, M.E.},
  title = {{Lex} - a lexical analyzer generator},
  institution = {Bell Laboratories},
  year = {1975},
  type = {Computing Science Tech. Report},
  number = {39},
  address = {Murray Hill, NJ},
  owner = {sgalland},
  timestamp = {2014.01.13}
}

@ARTICLE{McCullough.1943,
  author = {McCullough, W.S. and Pitts, W.},
  title = {A logical calculus of the ideas immanent in nervous activity},
  journal = {Bull. Math. Biophysics},
  year = {1943},
  volume = {5},
  pages = {115--133},
  owner = {sgalland},
  timestamp = {2014.01.13}
}

@ARTICLE{McNaughton.1960,
  author = {McNaughton, R. and Yamada, H.},
  title = {Regular Expressions and State Graphs for Automata},
  journal = {{IRE}Trans. on Electronic Computers},
  year = {1960},
  volume = {1},
  pages = {38--47},
  number = {1},
  owner = {sgalland},
  timestamp = {2014.01.13}
}

@ARTICLE{Thompson.1968,
  author = {Thompson, K.},
  title = {Regular Expression Search Algorithm},
  journal = {Comm. {ACM}},
  year = {1968},
  volume = {11},
  pages = {419--422},
  number = {6},
  owner = {sgalland},
  timestamp = {2014.01.13}
}

@BOOK{Shannon.1956,
  title = {Automata Studies},
  publisher = {Princeton University Press},
  year = {1956},
  editor = {Shannon, C. and McCarthy, J.},
  owner = {sgalland},
  timestamp = {2014.01.13}
}

