% This file was created with JabRef 2.3.1.
% Encoding: UTF-8

@BOOK{Bergin.96,
  title = {History of Programming Languages},
  publisher = {Addison Wesley},
  year = {1996},
  author = {Bergin, T.J. and Gibson, R.G.},
  volume = {2},
  series = {ACM Press},
  isbn = {978-0201895025}
}

@MANUAL{Church.1941,
  title = {The Calculs of Lambda Conversion},
  author = {Church, A.},
  organization = {Princeton University Press},
  address = {Princeton, N.J.},
  owner = {sgalland},
  timestamp = {2014.01.13}
}

@INBOOK{Frege.1967,
  chapter = {From Frege to G\"odel},
  title = {Begriffsschrift, a formula language, modeled upon that of arithmetic,
	for pure thought},
  publisher = {Havard Univ. Press},
  year = {1967},
  editor = {Heijenoort, van, J.},
  author = {Frege, G.},
  address = {Cambridge, MA},
  owner = {sgalland},
  timestamp = {2014.01.13}
}

@BOOK{Scott.2006,
  title = {Programming Language Pragmatics},
  publisher = {Morgan-Kaufmann},
  year = {2006},
  author = {Scott, M.L.},
  address = {Sans Francisco, CA},
  edition = {2nd edition},
  owner = {sgalland},
  timestamp = {2014.01.13}
}

@BOOK{Sethi.1996,
  title = {Programming Languages: Concepts and Constructs},
  publisher = {Addison-Wesley},
  year = {1996},
  author = {Sethi, R.},
  owner = {sgalland},
  timestamp = {2014.01.13}
}

@BOOK{Wexelblat.1981,
  title = {History of Programming Languages},
  publisher = {Academic Press},
  year = {1981},
  author = {Wexelblat, Richard L.},
  volume = {1},
  isbn = {9780127450407},
  owner = {sgalland},
  timestamp = {2014.01.13}
}

@article{Firmeprogramming.2013,
	title={Programming Language Families},
	author={Firme, Jobelle and Valera, Nicolas and Canemre, Yunus and Burchill, Stephen and Khurshid, Beenish},
	year = 2013,
}

